<record xmlns='http://www.loc.gov/MARC21/slim'><leader>01930cgm a2200421 a 4500</leader><controlfield tag='001'>4973686</controlfield><controlfield tag='005'>20141228085329.0</controlfield><controlfield tag='007'>vf cbahom</controlfield><controlfield tag='008'>040115s1984    xxu--- e          vleng d</controlfield><datafield ind1=' ' ind2=' ' tag='035'><subfield code='a'>(OCoLC)54862489</subfield></datafield><datafield ind1=' ' ind2=' ' tag='035'><subfield code='a'>4973686</subfield></datafield><datafield ind1=' ' ind2=' ' tag='040'><subfield code='a'>NIC</subfield><subfield code='c'>NIC</subfield></datafield><datafield ind1=' ' ind2=' ' tag='043'><subfield code='a'>n-us---</subfield></datafield><datafield ind1='0' ind2='0' tag='245'><subfield code='a'>Now is the time</subfield><subfield code='h'>[videorecording] :</subfield><subfield code='b'>1984 Black presidential candidate the Rev. Jesse Jackson /</subfield><subfield code='c'>[Africana Studies and Research Center, Cornell University].</subfield></datafield><datafield ind1='3' ind2='0' tag='246'><subfield code='a'>1984 Black presidential candidate the Rev. Jesse Jackson</subfield></datafield><datafield ind1=' ' ind2=' ' tag='260'><subfield code='c'>[1984]</subfield></datafield><datafield ind1=' ' ind2=' ' tag='300'><subfield code='a'>1 videocassette (90 min.) :</subfield><subfield code='b'>sd., col. ;</subfield><subfield code='c'>1/2 in.</subfield></datafield><datafield ind1=' ' ind2=' ' tag='538'><subfield code='a'>VHS.</subfield></datafield><datafield ind1=' ' ind2=' ' tag='500'><subfield code='a'>Title from data sheet.</subfield></datafield><datafield ind1='0' ind2=' ' tag='511'><subfield code='a'>Jesse Jackson.</subfield></datafield><datafield ind1=' ' ind2=' ' tag='518'><subfield code='a'>Videotaped live on March 27, 1984 at Africana Studies and Research Center, Cornell University.</subfield></datafield><datafield ind1=' ' ind2=' ' tag='520'><subfield code='a'>The Rev. Jesse Jackson discussed the plight of Balck America and what must be done in order to change it.  Addressed the issue of advocacy for education instead of jail systems as well as America&apos;s role with foreign nations.</subfield></datafield><datafield ind1='1' ind2='0' tag='600'><subfield code='a'>Jackson, Jesse,</subfield><subfield code='d'>1941-</subfield></datafield><datafield ind1=' ' ind2='0' tag='650'><subfield code='a'>Presidents</subfield><subfield code='z'>United States</subfield><subfield code='x'>Election.</subfield></datafield><datafield ind1=' ' ind2='0' tag='650'><subfield code='a'>African American politicians.</subfield></datafield><datafield ind1=' ' ind2='0' tag='650'><subfield code='a'>African Americans</subfield><subfield code='x'>Politics and government.</subfield></datafield><datafield ind1=' ' ind2='0' tag='650'><subfield code='a'>African Americans</subfield><subfield code='x'>Education.</subfield></datafield><datafield ind1='1' ind2='7' tag='600'><subfield code='a'>Jackson, Jesse,</subfield><subfield code='d'>1941-</subfield><subfield code='2'>fast</subfield><subfield code='0'>(OCoLC)fst00009200</subfield></datafield><datafield ind1=' ' ind2='7' tag='650'><subfield code='a'>African American politicians</subfield><subfield code='2'>fast</subfield><subfield code='0'>(OCoLC)fst00799310</subfield></datafield><datafield ind1=' ' ind2='7' tag='650'><subfield code='a'>African Americans</subfield><subfield code='x'>Education</subfield><subfield code='2'>fast</subfield><subfield code='0'>(OCoLC)fst00799600</subfield></datafield><datafield ind1=' ' ind2='7' tag='650'><subfield code='a'>African Americans</subfield><subfield code='x'>Politics and government</subfield><subfield code='2'>fast</subfield><subfield code='0'>(OCoLC)fst00799659</subfield></datafield><datafield ind1=' ' ind2='7' tag='650'><subfield code='a'>Presidents</subfield><subfield code='x'>Election</subfield><subfield code='2'>fast</subfield><subfield code='0'>(OCoLC)fst01075747</subfield></datafield><datafield ind1=' ' ind2='7' tag='651'><subfield code='a'>United States</subfield><subfield code='2'>fast</subfield><subfield code='0'>(OCoLC)fst01204155</subfield></datafield><datafield ind1='1' ind2=' ' tag='700'><subfield code='a'>Jackson, Jesse,</subfield><subfield code='d'>1941-</subfield></datafield><datafield ind1='2' ind2=' ' tag='710'><subfield code='a'>Cornell University.</subfield><subfield code='b'>Africana Studies and Research Center.</subfield></datafield><datafield ind1='1' ind2=' ' tag='948'><subfield code='a'>20040115</subfield><subfield code='b'>o</subfield><subfield code='d'>sok1</subfield><subfield code='e'>lts</subfield></datafield><datafield ind1='2' ind2=' ' tag='948'><subfield code='a'>20040603</subfield><subfield code='b'>a</subfield><subfield code='d'>cs269</subfield><subfield code='e'>lts</subfield></datafield><datafield ind1='2' ind2=' ' tag='948'><subfield code='a'>20141227</subfield><subfield code='b'>m</subfield><subfield code='d'>batch</subfield><subfield code='e'>lts</subfield><subfield code='x'>addfast</subfield></datafield></record>